@INPROCEEDINGS{8424731,
  author={Frozza, Angelo Augusto and Mello, Ronaldo dos Santos and Costa, Felipe de Souza da},
  booktitle={2018 IEEE International Conference on Information Reuse and Integration (IRI)}, 
  title={An Approach for Schema Extraction of JSON and Extended JSON Document Collections}, 
  year={2018},
  volume={},
  number={},
  pages={356-363},
  keywords={Databases;Arrays;Data mining;Task analysis;Data models;Social network services;NoSQL;JSON;Extended JSON;Schema Extraction;JSON Schema;Document-Oriented Database},
  doi={10.1109/IRI.2018.00060}}




@Article{fi15020071,
AUTHOR = {Stach, Christoph},
TITLE = {Data Is the New Oil - Sort of: A View on Why This Comparison Is Misleading and Its Implications for Modern Data Administration},
JOURNAL = {Future Internet},
VOLUME = {15},
YEAR = {2023},
NUMBER = {2},
ARTICLE-NUMBER = {71},
URL = {https://www.mdpi.com/1999-5903/15/2/71},
ISSN = {1999-5903},
DOI = {10.3390/fi15020071}
}

@misc{lee2021survey,
      title={A Survey on Data Cleaning Methods for Improved Machine Learning Model Performance}, 
      author={Ga Young Lee and Lubna Alzamil and Bakhtiyar Doskenov and Arash Termehchy},
      year={2021},
      eprint={2109.07127},
      archivePrefix={arXiv},
      primaryClass={cs.DB}
}



@misc{keiser2023ondemand,
      title={On-Demand JSON: A Better Way to Parse Documents?}, 
      author={John Keiser and Daniel Lemire},
      year={2023},
      eprint={2312.17149},
      archivePrefix={arXiv},
      primaryClass={cs.DB}
}